%%%%%%%%%%%%%%%%%%%%%%%%%%%%%%%%%%%%%%%%%%%%%%%%%%%%%%%%%%%%%%%%%%%%%%%
% Project Name : HyperPath                                            %
% Project Home : https://github.com/TeamAC/HyperPath                  %
% Part         : Bibliography                                         %
% Author       : chedi                                                %
% Comments     :                                                      %
%                                                                     %
%%%%%%%%%%%%%%%%%%%%%%%%%%%%%%%%%%%%%%%%%%%%%%%%%%%%%%%%%%%%%%%%%%%%%%%

@Manual{jee:glassfish:eclipse,
title        = "GlassFish Tools Bundle for Eclipse User Guide",
organization = "Sun Microsystems",
year         = {2009},
}

@Book{jee:glassfish:Heffelfinger,
author    = "David Heffelfinger",
title     = "Java EE 6 with GlassFish 3 Application Server",
publisher = "Packt Publishing",
year      = "2010"
}

@Book{database:mysqladmin,
author    = "Vikram Vaswani",
title     = "MySQL Database Usage and Administration",
publisher = "The McGraw-Hill Companies",
year      = "2009"
}

@Book{typo:latex:kopka,
author    = "Helmut Kopka, Patrick W. Daly",
title     = "A Guide to \LaTeX and Electronic Publishing",
publisher = "Addison Wesley, Massachusetts",
year      = "2004"
}

@Misc{geolocation:wikipidea:lbs,
author       = "wikipidia",
title        = "Location-based service",
year         = "2011",
howpublished = "\url{http://en.wikipedia.org/wiki/Location-based_service}"
}

@Misc{geolocation:wikipidea:geomarketing,
author       = "wikipidia",
title        = "Geo marketing",
year         = "2011",
howpublished = "\url{http://en.wikipedia.org/wiki/Geo(marketing)}"
}

@Misc{geolocation:geoconcept:geomarketing,
author       = "Geoconcept",
title        = "Géomarketing",
year         = "2011",
howpublished = "\url{http://www.geoconcept.com/Geomarketing.html}"
}

@Misc{geolocation:geoconcept:geomerchandising,
author       = "Geoconcept",
title        = "Géomerchandising",
year         = "2011",
howpublished = "\url{http://www.geoconcept.com/Geomerchandising.html}"
}

@Misc{geolocation:geomarketingafrica:geomarketing,
author       = "geomarketingafrica",
title        = "what is geomarketing",
year         = "2011",
howpublished = "\url{http://www.geomarketingafrica.com/what-is-geomarketing.html}"
}

@Misc{geolocation:geoconcept:chalandise,
author       = "Geoconcept",
title        = "Zone de chalandise",
year         = "2011",
howpublished = "\url{http://www.geoconcept.com/Zone-de-chalandise.html}"
}

@TechReport{geolocation:edventure,
author      = "Kevin Werback",
title       = "Location-Based Computing: Wherever You Go, There You Are",
institution = "EDventure Holdings Inc.",
year        = "2000",
number      = "18",
month       = "June",
note        = "\url{http://www.edventure.com}"
}

@Misc{geolocation:geomarketing:aboutgeomarketing,
author       = "allaboutgeomarketing",
title        = "allaboutgeomarketing.com",
year         = "2011",
howpublished = "\url{http://www.allaboutgeomarketing.com}"
}

@Misc{geolocation:geomarketing:google:study,
author       = "Dai Pham",
title        = "Smartphone user study shows mobile movement under way",
year         = "2011",
howpublished = "\url{http://googlemobileads.blogspot.com/2011/04/smartphone-user-study-shows-mobile.html}"
}