%%%%%%%%%%%%%%%%%%%%%%%%%%%%%%%%%%%%%%%%%%%%%%%%%%%%%%%%%%%%%%%%%%%%%%%
% Project Name : HyperPath                                            %
% Project Home : https://github.com/TeamAC/HyperPath                  %
% Part         : Bibliography                                         %
% Author       : chedi                                                %
% Comments     :                                                      %
%                                                                     %
%%%%%%%%%%%%%%%%%%%%%%%%%%%%%%%%%%%%%%%%%%%%%%%%%%%%%%%%%%%%%%%%%%%%%%%

@Manual{jee:glassfish:eclipse,
title        = "GlassFish Tools Bundle for Eclipse User Guide",
organization = "Sun Microsystems",
year         = {2009},
}

@Book{jee:glassfish:Heffelfinger,
author    = "David Heffelfinger",
title     = "Java EE 6 with GlassFish 3 Application Server",
publisher = "Packt Publishing",
year      = "2010"
}

@Book{database:mysqladmin,
author    = "Vikram Vaswani",
title     = "MySQL Database Usage and Administration",
publisher = "The McGraw-Hill Companies",
year      = "2009"
}

@Book{typo:latex:kopka,
author    = "Helmut Kopka, Patrick W. Daly",
title     = "A Guide to \LaTeX and Electronic Publishing",
publisher = "Addison Wesley, Massachusetts",
year      = "2004"
}

@Misc{geolocation:wikipidea:lbs,
author       = "wikipidia",
title        = "Location-based service",
year         = "2011",
howpublished = "\url{http://en.wikipedia.org/wiki/Location-based_service}"
}

@Misc{geolocation:wikipidea:geomarketing,
author       = "wikipidia",
title        = "Geo marketing",
year         = "2011",
howpublished = "\url{http://en.wikipedia.org/wiki/Geo(marketing)}"
}
