@preamble{"\providecommand\MF{\textsc{meta-font}}"}

@Book{typo:kopka:latex,
ALTauthor = {Helmut Kopka, Patrick W. Daly},
ALTeditor = {Helmut Kopka},
title = {A Guide to \LaTeX and Electronic Publishing},
publisher = {Addison Wesley, Massachusetts},
year = {2004},
OPTkey = {•},
OPTvolume = {•},
OPTnumber = {•},
OPTseries = {•},
OPTaddress = {•},
OPTedition = {Fourth},
OPTmonth = {•},
OPTnote = {•},
OPTannote = {•}
}

@Book{,
ALTauthor = {Vikram Vaswani},
ALTeditor = {•},
title = {MySQL Database Usage & Administration},
publisher = {•},
year = {•},
OPTkey = {•},
OPTvolume = {•},
OPTnumber = {•},
OPTseries = {•},
OPTaddress = {•},
OPTedition = {•},
OPTmonth = {•},
OPTnote = {•},
OPTannote = {•}
}


	\bibitem[Dh10]{Heffelfinger10}
		David Heffelfinger,
		\emph{Java EE 6 with GlassFish 3 Application Server},
		Packt Publishing,
		2010
		
%	\bibitem[Sm09]{Sun09}
%		Sun Microsystems
%		\emph{GlassFish Tools Bundle for Eclipse User Guide},
%		Sun Microsystems,
%		2009